<?xml version="1.0" encoding="UTF-8"?><collection xmlns="http://www.loc.gov/MARC21/slim"><record><leader>00486nam--2200169-i-4500</leader><controlfield tag="001">000031671</controlfield><controlfield tag="002">20161230</controlfield><controlfield tag="005">20170206181829</controlfield><controlfield tag="008">060222s1000------------r-----000-0-eng-d</controlfield><datafield ind1=" " ind2=" " tag="080"><subfield code="a">030.8:530.145.6</subfield></datafield><datafield ind1=" " ind2=" " tag="100"><subfield code="a">Mcweeny, R</subfield></datafield><datafield ind1=" " ind2=" " tag="245"><subfield code="a">Quantum mehanics: methods and basic aplications</subfield></datafield><datafield ind1=" " ind2=" " tag="260"><subfield code="a">Pergamon Press</subfield><subfield code="c">1973</subfield></datafield><datafield ind1=" " ind2=" " tag="300"><subfield code="a">XI + 243 p</subfield></datafield><datafield ind1=" " ind2=" " tag="490"><subfield code="a">The International Encyclopedia Of Physical Chemistry And Chemical Physics</subfield></datafield><datafield ind1=" " ind2=" " tag="852"><subfield code="a">38462</subfield></datafield><datafield ind1=" " ind2=" " tag="CAT"><subfield code="a">SYS</subfield><subfield code="c">20170206</subfield><subfield code="h">181829</subfield></datafield></record></collection>